<record><leader>00000cas a2200000 a 4500</leader><controlfield tag="001">8820761</controlfield><controlfield tag="008">820930d1850186uinuwr ne      0   a0eng  </controlfield><datafield ind1=" " ind2=" " tag="010"><subfield code="a">sn 82015477 </subfield></datafield><datafield ind1=" " ind2=" " tag="040"><subfield code="a">DLC</subfield><subfield code="b">eng</subfield><subfield code="c">DLC</subfield><subfield code="d">NPX</subfield><subfield code="d">NPI</subfield><subfield code="d">DLC</subfield><subfield code="d">NVF</subfield><subfield code="d">CUI</subfield><subfield code="d">DLC</subfield><subfield code="d">OCLCQ</subfield><subfield code="d">OCLCF</subfield><subfield code="d">IUL</subfield><subfield code="d">DLC</subfield></datafield><datafield ind1=" " ind2=" " tag="012"><subfield code="l">a</subfield></datafield><datafield ind1="0" ind2=" " tag="022"><subfield code="a">2574-6189</subfield><subfield code="2">1</subfield></datafield><datafield ind1=" " ind2=" " tag="042"><subfield code="a">pcc</subfield><subfield code="a">nsdp</subfield></datafield><datafield ind1=" " ind2=" " tag="043"><subfield code="a">n-us-in</subfield></datafield><datafield ind1="0" ind2="0" tag="050"><subfield code="a">Newspaper</subfield></datafield><datafield ind1=" " ind2="4" tag="050"><subfield code="a">AN</subfield></datafield><datafield ind1="1" ind2="0" tag="082"><subfield code="a">070</subfield><subfield code="2">23</subfield></datafield><datafield ind1="0" ind2=" " tag="130"><subfield code="a">Weekly Indiana State journal (Indianapolis, Ind. : 1850)</subfield></datafield><datafield ind1=" " ind2="0" tag="222"><subfield code="a">Weekly Indiana State journal</subfield></datafield><datafield ind1="1" ind2="0" tag="245"><subfield code="a">Weekly Indiana State journal.</subfield></datafield><datafield ind1=" " ind2=" " tag="260"><subfield code="a">Indianapolis [Ind.] :</subfield><subfield code="b">J.D. DeFrees,</subfield><subfield code="c">1850-</subfield></datafield><datafield ind1=" " ind2=" " tag="310"><subfield code="a">Weekly</subfield></datafield><datafield ind1="0" ind2=" " tag="362"><subfield code="a">Vol. 29, no. 1 (Feb. 23, 1850)-</subfield></datafield><datafield ind1=" " ind2=" " tag="580"><subfield code="a">Morning eds.: Daily Indiana State journal, 1851-1853, and: Indianapolis morning journal, 1853-1854, and: Indianapolis daily journal, 1854-&lt;1865&gt;.</subfield></datafield><datafield ind1=" " ind2=" " tag="580"><subfield code="a">Triweekly ed.: Indianapolis State journal (Indianapolis, Ind. : Triweekly), 1850-1851.</subfield></datafield><datafield ind1=" " ind2="0" tag="651"><subfield code="a">Indianapolis (Ind.)</subfield><subfield code="v">Newspapers.</subfield></datafield><datafield ind1=" " ind2="0" tag="651"><subfield code="a">Marion County (Ind.)</subfield><subfield code="v">Newspapers.</subfield></datafield><datafield ind1=" " ind2="7" tag="651"><subfield code="a">Indiana</subfield><subfield code="z">Indianapolis.</subfield><subfield code="2">fast</subfield><subfield code="0">(OCoLC)fst01205182</subfield></datafield><datafield ind1=" " ind2="7" tag="651"><subfield code="a">Indiana</subfield><subfield code="z">Marion County.</subfield><subfield code="2">fast</subfield><subfield code="0">(OCoLC)fst01213920</subfield></datafield><datafield ind1=" " ind2="7" tag="655"><subfield code="a">Newspapers.</subfield><subfield code="2">fast</subfield><subfield code="0">(OCoLC)fst01423814</subfield></datafield><datafield ind1=" " ind2=" " tag="752"><subfield code="a">United States</subfield><subfield code="b">Indiana</subfield><subfield code="c">Marion</subfield><subfield code="d">Indianapolis.</subfield></datafield><datafield ind1="1" ind2=" " tag="775"><subfield code="t">Daily Indiana State journal</subfield><subfield code="w">(DLC)sn 85047647</subfield><subfield code="w">(OCoLC)12873169</subfield></datafield><datafield ind1="1" ind2=" " tag="775"><subfield code="t">Indianapolis morning journal</subfield><subfield code="w">(DLC)sn 85047645</subfield><subfield code="w">(OCoLC)12870257</subfield></datafield><datafield ind1="1" ind2=" " tag="775"><subfield code="t">Indianapolis daily journal</subfield><subfield code="w">(DLC)sn 82015681</subfield><subfield code="w">(OCoLC)8811303</subfield></datafield><datafield ind1="1" ind2=" " tag="775"><subfield code="t">Indiana State journal (Indianapolis, Ind. : Triweekly)</subfield><subfield code="w">(DLC)sn 85047643</subfield><subfield code="w">(OCoLC)12870145</subfield></datafield><datafield ind1="0" ind2="8" tag="776"><subfield code="i">Online version:</subfield><subfield code="t">Weekly Indiana State journal (Indianapolis, Ind. : 1850 : Online)</subfield><subfield code="w">(OCoLC)632000703</subfield></datafield><datafield ind1="0" ind2="0" tag="780"><subfield code="t">Indiana State journal (Indianapolis, Ind. : 1843)</subfield><subfield code="x">2574-6170</subfield><subfield code="w">(DLC)sn 82015746</subfield><subfield code="w">(OCoLC)8810165</subfield></datafield><datafield ind1="0" ind2="5" tag="780"><subfield code="t">Indiana free Democrat</subfield><subfield code="g">1854</subfield><subfield code="w">(DLC)sn 87056530</subfield><subfield code="w">(OCoLC)16367700</subfield></datafield><datafield ind1="0" ind2="5" tag="780"><subfield code="t">Home miscellany</subfield><subfield code="w">(DLC)sn 87056164</subfield><subfield code="w">(OCoLC)16402640</subfield></datafield><datafield ind1="0" ind2="5" tag="780"><subfield code="t">Weekly Atlas (Indianapolis, Ind.)</subfield><subfield code="w">(DLC)sn 84023958</subfield><subfield code="w">(OCoLC)11102652</subfield></datafield><datafield ind1="0" ind2="0" tag="785"><subfield code="t">Indiana State journal (Indianapolis, Ind. : 1866)</subfield><subfield code="w">(DLC)sn 87056427</subfield><subfield code="w">(OCoLC)16310152</subfield></datafield><datafield ind1="4" ind2="1" tag="856"><subfield code="u">http://gale.cengage.com/usnewspapers/</subfield><subfield code="z">Available to subscribing institutions</subfield></datafield><datafield ind1="1" ind2=" " tag="029"><subfield code="a">AU@</subfield><subfield code="b">000025831518</subfield></datafield></record>